@article{einstein,
    author        = {Albert Einstein},
    title         = {Zur Elektrodynamik bewegter K{\"o}rper. (German) [On the electrodynamics of moving bodies]},
    journaltitle  = {Annalen der Physik},
    year          = {1905},
    volume        = {322},
    number        = {10},
    pages         = {891-921},
    doi           = {http://dx.doi.org/10.1002/andp.19053221004}
}

@online{knuthwebsite,
    author        = {Donald Knuth},
    title         = {Knuth: Computers and Typesetting},
    year          = {1984},
    url           = {http://www-cs-faculty.stanford.edu/~uno/abcde.html}
}

@book{latexcompanion,
    author        = {Michel Goossens and Frank Mittelbach and Alexander Samarin},
    title         = {The \LaTeX\ Companion},
    year          = {1993},
    publisher     = {Addison-Wesley},
    location      = {Reading, Massachusetts}
}

@article{mapReduce,
  author          = {Dean J, Ghemawat S.},
  journal         = {ACM},
  title           = {MapReduce: Simplified data processing on large clusters},
  year            = {2004}
}

@online{hadoop,
    title         = {Hadoop},
    url           = {https://hadoop.apache.org/}
}

@online{spark,
    title         = {Spark},
    url           = {https://spark.apache.org/}
}

@online{lambdaArchitecture,
    title         = {Lambda Architecture},
    url           = {https://en.wikipedia.org/wiki/Lambda_architecture}
}

@book{bigDataBook,
  author         = {James Warren, Nathan Marz},
  editor         = {Manning Pubblications Co.},
  title          = {Big Data: Principles and best practices of scalable realtime data systems},
  year           = {2015}
}

@online{parallelismConcurrency,
    title   = {Concurrency vs Parallelism},
    url     = {https://freecontent.manning.com/concurrency-vs-parallelism/}
}

@article{actorsPaper,
  author    = {Hewitt C., Bishop P., Steiger R.},
  title     = {A universal modular ACTOR formalism for artificial intelligence},
  year      = {1973}
}

@online{tellDontAsk,
    title   = {Tell don't ask},
    url     = {https://martinfowler.com/bliki/TellDontAsk.html},
    author  = {Flower M.}
}

@online{mesos,
    title = {Architettura MESOS},
    url = {https://github.com/OddExtension5/SMACK-Resources/blob/master/assets/Mesos-Overview.png}
}

@online{smack,
    title = {Stack SMACK},
    url = {https://www.cologne-intelligence.de/fileadmin/_processed_/4/2/csm_Blog-SMACK-Architektur_53383bcafd.png}
}

@online{actors,
    title = {Modello ad attori},
    url = {https://berb.github.io/diploma-thesis/original/resources/actors.svg}
}

@online{scala,
    title = {Logo SCALA},
    url = {https://www.lightbend.com/assets/images/brand/scala/scala-logos/svg/scala-full-color.svg}
}

@online{akka,
    title = {Logo AKKA},
    url = {https://akka.io/resources/images/akka_full_color.svg}
}